PokerStars Hand #204445469280:  Hold'em No Limit ($0.05/$0.10 USD) - 2019/10/11 19:22:00 ET
Table 'Elektra' 6-max Seat #2 is the button
Seat 1: RiverbendAA ($10.93 in chips) 
Seat 2: TheFreeWilly ($8.89 in chips) 
Seat 3: PlayTheBlues4U ($23.56 in chips) 
Seat 4: wcb607a ($10.26 in chips) 
Seat 6: KillerKlownShoe ($8.31 in chips) 
PlayTheBlues4U: posts small blind $0.05
wcb607a: posts big blind $0.10
*** HOLE CARDS ***
Dealt to PlayTheBlues4U [As Ah]
KillerKlownShoe: folds 
RiverbendAA: folds 
TheFreeWilly: raises $0.20 to $0.30
Antonmirk leaves the table
PlayTheBlues4U: raises $0.60 to $0.90
KillerKlownShoe leaves the table
wcb607a: folds 
TheFreeWilly: calls $0.60
*** FLOP *** [7c 8d 3c]
PlayTheBlues4U: bets $1.10
TheFreeWilly: folds 
Uncalled bet ($1.10) returned to PlayTheBlues4U
PlayTheBlues4U collected $1.80 from pot
PlayTheBlues4U: doesn't show hand 
*** SUMMARY ***
Total pot $1.90 | Rake $0.10 
Board [7c 8d 3c]
Seat 1: RiverbendAA folded before Flop (didn't bet)
Seat 2: TheFreeWilly (button) folded on the Flop
Seat 3: PlayTheBlues4U (small blind) collected ($1.80)
Seat 4: wcb607a (big blind) folded before Flop
Seat 6: KillerKlownShoe folded before Flop (didn't bet)

PokerStars Hand #204445469474:  Hold'em No Limit ($0.05/$0.10 USD) - 2019/10/11 19:23:36 ET
Table 'Elektra' 6-max Seat #4 is the button
Seat 1: RiverbendAA ($10.83 in chips) 
Seat 2: TheFreeWilly ($6.67 in chips) 
Seat 3: PlayTheBlues4U ($25.79 in chips) 
Seat 4: wcb607a ($10.11 in chips) 
RiverbendAA: posts small blind $0.05
TheFreeWilly: posts big blind $0.10
*** HOLE CARDS ***
Dealt to PlayTheBlues4U [Ad Qc]
Ryaniam1981 joins the table at seat #5 
PlayTheBlues4U: raises $0.20 to $0.30
wcb607a: folds 
RiverbendAA: folds 
TheFreeWilly: folds 
Uncalled bet ($0.20) returned to PlayTheBlues4U
PlayTheBlues4U collected $0.25 from pot
PlayTheBlues4U: doesn't show hand 
*** SUMMARY ***
Total pot $0.25 | Rake $0 
Seat 1: RiverbendAA (small blind) folded before Flop
Seat 2: TheFreeWilly (big blind) folded before Flop
Seat 3: PlayTheBlues4U collected ($0.25)
Seat 4: wcb607a (button) folded before Flop (didn't bet)

PokerStars Hand #204447288188:  Hold'em No Limit ($0.05/$0.10 USD) - 2019/10/11 19:28:06 ET
Table 'Elektra' 6-max Seat #3 is the button
Seat 1: RiverbendAA ($11.46 in chips) 
Seat 2: TheFreeWilly ($5.57 in chips) 
Seat 3: PlayTheBlues4U ($25.34 in chips) 
Seat 4: wcb607a ($8.25 in chips) 
Seat 5: xxzuluzuluxx ($4 in chips) 
Seat 6: Rannbankura ($11.54 in chips) 
wcb607a: posts small blind $0.05
xxzuluzuluxx: posts big blind $0.10
*** HOLE CARDS ***
Dealt to PlayTheBlues4U [Jc Ks]
Rannbankura: folds 
RiverbendAA: folds 
TheFreeWilly: folds 
PlayTheBlues4U: raises $0.20 to $0.30
wcb607a: calls $0.25
xxzuluzuluxx: calls $0.20
*** FLOP *** [As 3d 4h]
wcb607a: checks 
xxzuluzuluxx: checks 
PlayTheBlues4U: bets $0.50
wcb607a: calls $0.50
xxzuluzuluxx: folds 
*** TURN *** [As 3d 4h] [3s]
wcb607a: checks 
PlayTheBlues4U: checks 
*** RIVER *** [As 3d 4h 3s] [4d]
wcb607a: checks 
PlayTheBlues4U: checks 
*** SHOW DOWN ***
wcb607a: shows [6s 7s] (two pair, Fours and Threes)
PlayTheBlues4U: shows [Jc Ks] (two pair, Fours and Threes)
wcb607a collected $0.90 from pot
PlayTheBlues4U collected $0.90 from pot
*** SUMMARY ***
Total pot $1.90 | Rake $0.10 
Board [As 3d 4h 3s 4d]
Seat 1: RiverbendAA folded before Flop (didn't bet)
Seat 2: TheFreeWilly folded before Flop (didn't bet)
Seat 3: PlayTheBlues4U (button) showed [Jc Ks] and won ($0.90) with two pair, Fours and Threes
Seat 4: wcb607a (small blind) showed [6s 7s] and won ($0.90) with two pair, Fours and Threes
Seat 5: xxzuluzuluxx (big blind) folded on the Flop
Seat 6: Rannbankura folded before Flop (didn't bet)